<?xml version="1.0" encoding="UTF-8"?><record xmlns="http://www.loc.gov/MARC21/slim" xmlns:cinclude="http://apache.org/cocoon/include/1.0" xmlns:zs="http://www.loc.gov/zing/srw/">
  <leader>00366nz  a2200133n  4500</leader>
  <controlfield tag="001">no2010203235</controlfield>
  <controlfield tag="003">DLC</controlfield>
  <controlfield tag="005">20101217075321.0</controlfield>
  <controlfield tag="008">101215n| acannaabn          |n aaa     c</controlfield>
  <datafield tag="010" ind1=" " ind2=" ">
    <subfield code="a">no2010203235</subfield>
  </datafield>
  <datafield tag="035" ind1=" " ind2=" ">
    <subfield code="a">(OCoLC)oca08716366</subfield>
  </datafield>
  <datafield tag="040" ind1=" " ind2=" ">
    <subfield code="a">StEdNL</subfield>
    <subfield code="b">eng</subfield>
    <subfield code="c">StEdNL</subfield>
  </datafield>
  <datafield tag="100" ind1="1" ind2=" ">
    <subfield code="a">Gray, Jim D.</subfield>
  </datafield>
  <datafield tag="670" ind1=" " ind2=" ">
    <subfield code="a">The spirit's operations in the dispensation, 2010?:</subfield>
    <subfield code="b">t.p. (Jim D. Gray)</subfield>
  </datafield>
</record>